<?xml version="1.0" encoding="UTF-8"?><collection xmlns="http://www.loc.gov/MARC21/slim"><record><leader>00550nam--2200181-i-4500</leader><controlfield tag="001">000010683</controlfield><controlfield tag="002">20161230</controlfield><controlfield tag="005">20161230201028</controlfield><controlfield tag="008">060222s1000------------r-----000-0-eng-d</controlfield><datafield ind1=" " ind2=" " tag="040"><subfield code="a">IFIN-HH</subfield></datafield><datafield ind1=" " ind2=" " tag="080"><subfield code="a">539.2:53.02:519.4</subfield></datafield><datafield ind1="1" ind2=" " tag="100"><subfield code="a">Bradley, C.J</subfield></datafield><datafield ind1="1" ind2="0" tag="245"><subfield code="a">The mathematical theory of symmetry in solids. representation theory for point group and space groups</subfield><subfield code="c">C.j. bradley, a.p. cracknell</subfield></datafield><datafield ind1=" " ind2=" " tag="260"><subfield code="a">Oxford</subfield><subfield code="b">Clarendon Press</subfield><subfield code="c">1972</subfield></datafield><datafield ind1=" " ind2=" " tag="300"><subfield code="a">735 P</subfield></datafield><datafield ind1="1" ind2=" " tag="700"><subfield code="a">Cracknell, A.P</subfield></datafield><datafield ind1=" " ind2=" " tag="852"><subfield code="a">38525</subfield><subfield code="c">53.02</subfield></datafield><datafield ind1=" " ind2=" " tag="CAT"><subfield code="a">Sys</subfield><subfield code="c">20151021</subfield><subfield code="h">125102</subfield></datafield></record></collection>